BAB I

@article{article:abbas, author = {Abbas, J.}, title = {Quintessence of traditional and agile requirement engineering}, journal = {Journal of Software Engineering and Applications}, year = {2016}, volume = {09}, issue = {03}, pages = {63-70}, doi = {10.4236/jsea.2016.93005} }

@article{article:suciu,
    author = {Suciu, G. and Iordache, G. and Beceanu, C. and Streche, R. and Sterea, M. and Bratu, T.},
    title = {Implementation of the arrowhead framework with the beia-iot tool},
    year = {2023},
    doi = {10.1117/12.2643257}
}

@article{article:hercog, AUTHOR = {Hercog, Darko and Lerher, Tone and Truntič, Mitja and Težak, Oto}, TITLE = {Design and Implementation of ESP32-Based IoT Devices}, JOURNAL = {Sensors}, VOLUME = {23}, YEAR = {2023}, NUMBER = {15}, ARTICLE-NUMBER = {6739}, URL = {https://www.mdpi.com/1424-8220/23/15/6739}, PubMedID = {37571523}, ISSN = {1424-8220}, DOI = {10.3390/s23156739}}

@inproceedings{inproc:wuryadani, title={KEBIJAKAN PENGELOLAAN SUMBER DAYA PERIKANAN LAUT UNTUK MENUNJANG KETAHANAN PANGAN DI INDONESIA}, author={Dewi Wuryandani and Hilma Meilani}, year={2011}, url={https://api.semanticscholar.org/CorpusID:168808178} }

@misc{misc:lse,
  author       = {LSE},
  howpublished = {},
  title        = {What is the blue economy?},
  year         = {2023},
  url          = {https://www.lse.ac.uk/granthaminstitute/explainers/what-is-the-role-of-the-blue-economy-in-a-sustainable-future/}
}

@misc{misc:dephub,
  author       = {Departemen Perhubungan},
  howpublished = {},
  title        = {Transportasi Laut Pegang Peranan Strategis untuk Merajut Keberagaman Indonesia dan Mendorong Pertumbuhan Ekonomi},
  year        = {2020},
  url         = {https://dephub.go.id/post/read/transportasi-laut-pegang-peranan-strategis-untuk-merajut-keberagaman-indonesia-dan-mendorong-pertumbuhan-ekonomi}
}

@misc{misc:bp,
  author       = {British Petroleum Statistical Review},
  howpublished = {},
  title        = {Statistical Review of World Energy},
  year         = {2016},
  url          = {https://www.bp.com/en/global/corporate/energy-economics/statistical-review-of-world-energy.html},
}

@misc{misc:aditya,
  author       = {Surya Aditya},
  howpublished = {news},
  title        = {Main Curang Oknum Kapal Pertamina, 2.520 Liter Solar Dijual Ilegal, Negara Rugi Rp 710 Juta},
  year         = {2022},
  url          = {https://kaltimkece.id/warta/hukum/main-curang-oknum-kapal-pertamina-2520-liter-solar-dijual-ilegal-negara-rugi-rp-710-juta},
}

BAB II

2.2 IoT

@inproceedings{inproc:gazis, title={What is IoT? The Internet of Things explained}, author={Alexandros Gazis}, year={2021}, url={https://api.semanticscholar.org/CorpusID:236342445} }

@article{article:sikder, author = {Sikder, Amit Kumar and Petracca, Giuseppe and Aksu, Hidayet and Jaeger, Trent and Uluagac, Selcuk}, year = {2018}, month = {02}, pages = {}, title = {A Survey on Sensor-based Threats to Internet-of-Things (IoT) Devices and Applications} }

2.3 Raspy

@article{article:johnston, author = {Johnston, S. and Cox, S.}, title = {The raspberry pi: a technology disrupter, and the enabler of dreams}, journal = {Electronics}, year = {2017}, volume = {6}, issue = {3}, pages = {51}, doi = {10.3390/electronics6030051} }

@article{article:hosny, author = {Hosny, K. and Magdi, A. and Salah, A. and El-Komy, O. and Lashin, N.}, title = {Internet of things applications using raspberry-pi: a survey}, journal = {International Journal of Electrical and Computer Engineering (Ijece)}, year = {2023}, volume = {13}, issue = {1}, pages = {902}, doi = {10.11591/ijece.v13i1.pp902-910} }

2.4 JS

@article{article:tomasdottir, author = {Tomasdottir, K. and Aniche, M. and Deursen, A.}, title = {The adoption of javascript linters in practice: a case study on eslint}, journal = {Ieee Transactions on Software Engineering}, year = {2020}, volume = {46}, issue = {8}, pages = {863-891}, doi = {10.1109/tse.2018.2871058} }

@article{article:gao, author = {Gao, Z. and Bird, C. and Barr, E.}, title = {To type or not to type: quantifying detectable bugs in javascript}, year = {2017}, doi = {10.1109/icse.2017.75} }

2.5 Python

@article{article:buhler, author = {Bühler, M. and Steiner, B. and Bednar, T.}, title = {Digital twin applications using the simultan data model and python}, journal = {Iop Conference Series Earth and Environmental Science}, year = {2022}, volume = {1101}, issue = {8}, pages = {082015}, doi = {10.1088/1755-1315/1101/8/082015} }

@article{article:malloy, author = {Malloy, B. and Power, J.}, title = {Quantifying the transition from python 2 to 3: an empirical study of python applications}, year = {2017}, doi = {10.1109/esem.2017.45} }

2.6 MySQL

@article{article:gomez, author = {Gómez-Hernández, M. and Rivas, C. and Novoa, N. and Jiménez, M.}, title = {Failure to rescue following anatomical lung resection. analysis of a prospective nationwide database}, journal = {Frontiers in Surgery}, year = {2023}, volume = {10}, doi = {10.3389/fsurg.2023.1077046} }

2.7 ERD

@article{article:chen, author = {Chen, P.}, title = {The entity-relationship model—toward a unified view of data}, journal = {Acm Transactions on Database Systems}, year = {1976}, volume = {1}, issue = {1}, pages = {9-36}, doi = {10.1145/320434.320440} }

@article{article:supriyadi, author = {Supriyadi, A. and Andryana, S. and Gunaryati, A.}, title = {Perancangan sistem perpustakaan berbasis web}, journal = {Jurnal Jtik (Jurnal Teknologi Informasi Dan Komunikasi)}, year = {2022}, volume = {6}, issue = {3}, pages = {395-401}, doi = {10.35870/jtik.v6i3.439} }

2.8 XP

@article{article:matharu, author = {Matharu, G. and Mishra, A. and Singh, H. and Upadhyay, P.}, title = {Empirical study of agile software development methodologies}, journal = {Acm Sigsoft Software Engineering Notes}, year = {2015}, volume = {40}, issue = {1}, pages = {1-6}, doi = {10.1145/2693208.2693233} }

@article{article:rao, author = {Rao, G. and Krishna, C. and Rao, K.}, title = {Rational unified process for service oriented application in extreme programming}, year = {2013}, doi = {10.1109/icccnt.2013.6726586} }

@article{article:qureshi, author = {Qureshi, M. and Ikram, J.}, title = {Proposal of enhanced extreme programming model}, journal = {International Journal of Information Engineering and Electronic Business}, year = {2015}, volume = {7}, issue = {1}, pages = {37-42}, doi = {10.5815/ijieeb.2015.01.05} }

@article{article:anwer, author = {Anwer, Faiza and Aftab, Shabib and Muhammad, Syed and Waheed, Usman}, year = {2017}, month = {03}, pages = {1-7}, title = {Comparative Analysis of Two Popular Agile Process Models: Extreme Programming and Scrum}, volume = {8}, journal = {International Journal of Computer Science and Telecommunications}}

2.9 SDLC Comparison

@article{article:suryantara, title={Development of Medical Record With Extreme Programming SDLC}, author={I Gusti Ngurah Suryantara and Johanes Fernandes Andry}, journal={International Journal of New Media Technology}, year={2018}, url={https://api.semanticscholar.org/CorpusID:55263555} }

@inproceedings{inproc:fahrurrozi, title={DENGAN METODE WATERFALL DAN EXTREME PROGRAMMING : STUDI PERBANDINGAN}, author={Imam Fahrurrozi and SN Azhari}, year={2013}, url={https://api.semanticscholar.org/CorpusID:195179186} }

2.10 Prev Research

@inproceedings{inproc:abdulmalek, title={IoT-based healthcare-monitoring system towards improving quality of life: A review}, author={Abdulmalek, Suliman and Nasir, Abdul and Jabbar, Waheb A and Almuhaya, Mukarram AM and Bairagi, Anupam Kumar and Khan, Md Al-Masrur and Kee, Seong-Hoon}, booktitle={Healthcare}, volume={10}, number={10}, pages={1993}, year={2022}, organization={MDPI}}

@article{article:anh, title={DEVELOPMENT AND IMPLEMENTATION OF A LOW-COST IOT SYSTEM FOR SMALL FARM HOUSEHOLDS}, author={Anh, Vo Cong and Hanh, Tran Duc and Son, Khuong Anh and Phuong, Pham Xuan and Phong, Ho Nhat and Huu, Nguyen Thanh and Van Phi, Nguyen}}

@inproceedings{inproc:hizbullah, title={Internet of Things for Smart Transportation in North Moluccas Province}, author={Hizbullah, Imam and Djohar, Fahrizal and Mabud, Zulaeha}, booktitle={MATEC Web of Conferences}, volume={372}, pages={04003}, year={2022}, organization={EDP Sciences}}

@article{article:maswadi, author = {Maswadi, K. and Ghani, N. and Hamid, S.}, title = {Systematic literature review of smart home monitoring technologies based on iot for the elderly}, journal = {Ieee Access}, year = {2020}, volume = {8}, pages = {92244-92261}, doi = {10.1109/access.2020.2992727} }

@article{article:song, author={Song, Yujae and Shin, Huicheol and Koo, Sungmin and Baek, Seungjae and Seo, Jungmin and Kang, Hyoun and Kim, Yongjae}, journal={IEEE Internet of Things Journal}, title={Internet of Maritime Things Platform for Remote Marine Water Quality Monitoring},year={2022}, volume={9}, number={16}, pages={14355-14365}, doi={10.1109/JIOT.2021.3079931}}